@article{mondriaan,
	author={Brendan Vastenhouw and Rob H. Bisseling},
	title={A Two-Dimensional Data Distribution Method for Parallel Sparse Matrix-Vector Multiplication},
	year={2005},
	journal={SIAM Review},
	volume={47},
	number={1},
	pages={67-95},
}
@unpublished{mediumgrain,
	author={DaniÃ«l M. Pelt and Rob H. Bisseling},
	title={A Medium-Grain Model for Fast 2D Bipartitioning of Sparse Matrices},
	year={2013},
	journal={},
	note={submitted},
}
@book{BSP,
	author={Rob. H. Bisseling},
	title={Parallel Scientific Computation: A structured approach using BSP and MPI},
	publisher={Oxford University Press},
	year={2004},
}
@book{rabaey1996digital,
	author = {Jan Rabaey},
	title = {Digital integrated circuits : a design perspective},
	publisher = {Prentice Hall},
	year = {1996},
	isbn = {0131786091},
}
@article{bsp_paper,
	author = {Valiant, Leslie G.},
	title = {A bridging model for parallel computation},
	journal = {Commun. ACM},
	issue_date = {Aug. 1990},
	volume = {33},
	number = {8},
	month = aug,
	year = {1990},
	issn = {0001-0782},
	pages = {103--111},
	numpages = {9},
	url = {http://doi.acm.org/10.1145/79173.79181},
	doi = {10.1145/79173.79181},
	acmid = {79181},
	publisher = {ACM},
	address = {New York, NY, USA},
} 
